@ARTICLE{Campbell13,
   author = {{Campbell}, H. and {D'Andrea}, C.~B. and {Nichol}, R.~C.
and 
	{Sako}, M. and {Smith}, M. and {Lampeitl}, H. and {Olmstead},
M.~D. and 
	{Bassett}, B. and {Biswas}, R. and {Brown}, P. and {Cinabro}, D.
and 
	{Dawson}, K.~S. and {Dilday}, B. and {Foley}, R.~J. and {Frieman},
J.~A. and 
	{Garnavich}, P. and {Hlozek}, R. and {Jha}, S.~W. and {Kuhlmann},
S. and 
	{Kunz}, M. and {Marriner}, J. and {Miquel}, R. and {Richmond}, M.
and 
	{Riess}, A. and {Schneider}, D.~P. and {Sollerman}, J. and
{Taylor}, M. and 
	{Zhao}, G.-B.},
    title = "{Cosmology with Photometrically Classified Type Ia
Supernovae from the SDSS-II Supernova Survey}",
  journal = {\apj},
archivePrefix = "arXiv",
   eprint = {1211.4480},
 primaryClass = "astro-ph.CO",
 keywords = {cosmology: observations, distance scale, supernovae:
general, surveys},
     year = 2013,
    month = feb,
   volume = 763,
      eid = {88},
    pages = {88},
      doi = {10.1088/0004-637X/763/2/88},
   adsurl = {http://adsabs.harvard.edu/abs/2013ApJ...763...88C},
  adsnote = {Provided by the SAO/NASA Astrophysics Data System}
}

@ARTICLE{2012ApJ...759..107K,
   author = {{Kelly}, P.~L. and {Kirshner}, R.~P.},
    title = "{Core-collapse Supernovae and Host Galaxy Stellar
Populations}",
  journal = {\apj},
archivePrefix = "arXiv",
   eprint = {1110.1377},
 keywords = {galaxies: star formation, gamma ray burst: general,
stars: abundances, supernovae: general},
     year = 2012,
    month = nov,
   volume = 759,
      eid = {107},
    pages = {107},
      doi = {10.1088/0004-637X/759/2/107},
   adsurl = {http://adsabs.harvard.edu/abs/2012ApJ...759..107K},
  adsnote = {Provided by the SAO/NASA Astrophysics Data System}
}

@ARTICLE{Kelly10,
   author = {{Kelly}, P.~L. and {Kirshner}, R.~P.},
    title = "{Core-collapse Supernovae and Host Galaxy Stellar
Populations}",
  journal = {\apj},
archivePrefix = "arXiv",
   eprint = {1110.1377},
 keywords = {galaxies: star formation, gamma ray burst: general,
stars: abundances, supernovae: general},
     year = 2012,
    month = nov,
   volume = 759,
      eid = {107},
    pages = {107},
      doi = {10.1088/0004-637X/759/2/107},
   adsurl = {http://adsabs.harvard.edu/abs/2012ApJ...759..107K},
  adsnote = {Provided by the SAO/NASA Astrophysics Data System}
}

@ARTICLE{Riess98,
   author = {{Riess}, A.~G. and {Filippenko}, A.~V. and {Challis}, P.
and 
	{Clocchiatti}, A. and {Diercks}, A. and {Garnavich}, P.~M. and 
	{Gilliland}, R.~L. and {Hogan}, C.~J. and {Jha}, S. and
{Kirshner}, R.~P. and 
	{Leibundgut}, B. and {Phillips}, M.~M. and {Reiss}, D. and
{Schmidt}, B.~P. and 
	{Schommer}, R.~A. and {Smith}, R.~C. and {Spyromilio}, J. and 
	{Stubbs}, C. and {Suntzeff}, N.~B. and {Tonry}, J.},
    title = "{Observational Evidence from Supernovae for an
Accelerating Universe and a Cosmological Constant}",
  journal = {\aj},
   eprint = {astro-ph/9805201},
 keywords = {COSMOLOGY: OBSERVATIONS, STARS: SUPERNOVAE: GENERAL},
     year = 1998,
    month = sep,
   volume = 116,
    pages = {1009-1038},
      doi = {10.1086/300499},
   adsurl = {http://adsabs.harvard.edu/abs/1998AJ....116.1009R},
  adsnote = {Provided by the SAO/NASA Astrophysics Data System}
}

@ARTICLE{Perlmutter99,
   author = {{Perlmutter}, S. and {Aldering}, G. and {Goldhaber}, G.
and 
	{Knop}, R.~A. and {Nugent}, P. and {Castro}, P.~G. and {Deustua},
S. and 
	{Fabbro}, S. and {Goobar}, A. and {Groom}, D.~E. and {Hook}, I.~M.
and 
	{Kim}, A.~G. and {Kim}, M.~Y. and {Lee}, J.~C. and {Nunes}, N.~J.
and 
	{Pain}, R. and {Pennypacker}, C.~R. and {Quimby}, R. and {Lidman},
C. and 
	{Ellis}, R.~S. and {Irwin}, M. and {McMahon}, R.~G. and
{Ruiz-Lapuente}, P. and 
	{Walton}, N. and {Schaefer}, B. and {Boyle}, B.~J. and
{Filippenko}, A.~V. and 
	{Matheson}, T. and {Fruchter}, A.~S. and {Panagia}, N. and
{Newberg}, H.~J.~M. and 
	{Couch}, W.~J. and {Project}, T.~S.~C.},
    title = "{Measurements of {$\Omega$} and {$\Lambda$} from 42
High-Redshift Supernovae}",
  journal = {\apj},
   eprint = {astro-ph/9812133},
 keywords = {COSMOLOGY: OBSERVATIONS, COSMOLOGY: DISTANCE SCALE,
STARS: SUPERNOVAE: GENERAL, Cosmology: Observations, Cosmology:
Distance Scale, Stars: Supernovae: General},
     year = 1999,
    month = jun,
   volume = 517,
    pages = {565-586},
      doi = {10.1086/307221},
   adsurl = {http://adsabs.harvard.edu/abs/1999ApJ...517..565P},
  adsnote = {Provided by the SAO/NASA Astrophysics Data System}
}


